<record><leader>00000cas a2200000 a 4500</leader><controlfield tag="001">30742383</controlfield><controlfield tag="007">hd afu---baca</controlfield><controlfield tag="008">940711d19021907nbuwr nea     0    0eng c</controlfield><datafield ind1=" " ind2=" " tag="010"><subfield code="a">sn 94055450 </subfield></datafield><datafield ind1=" " ind2=" " tag="040"><subfield code="a">NVG</subfield><subfield code="b">eng</subfield><subfield code="c">NVG</subfield><subfield code="d">OCLCQ</subfield><subfield code="d">OCLCF</subfield><subfield code="d">OCLCO</subfield></datafield><datafield ind1="1" ind2=" " tag="029"><subfield code="a">AU@</subfield><subfield code="b">000025891964</subfield></datafield><datafield ind1=" " ind2=" " tag="042"><subfield code="a">pcc</subfield></datafield><datafield ind1=" " ind2=" " tag="043"><subfield code="a">n-us-nb</subfield></datafield><datafield ind1="0" ind2="0" tag="245"><subfield code="a">Chronicle-citizen</subfield><subfield code="h">[microform].</subfield></datafield><datafield ind1="1" ind2="3" tag="246"><subfield code="a">Citizen-chronicle</subfield></datafield><datafield ind1=" " ind2=" " tag="260"><subfield code="a">Ansley, Neb. :</subfield><subfield code="b">Barles &amp; Wright,</subfield><subfield code="c">1902-1907.</subfield></datafield><datafield ind1=" " ind2=" " tag="300"><subfield code="a">6 v.</subfield></datafield><datafield ind1=" " ind2=" " tag="310"><subfield code="a">Weekly</subfield></datafield><datafield ind1="0" ind2=" " tag="362"><subfield code="a">Vol. 19, no. 25 (Oct. 3, 1902)-v. 24, no. 26 (Sept. 27, 1907).</subfield></datafield><datafield ind1=" " ind2=" " tag="500"><subfield code="a">Title from publisher's box.</subfield></datafield><datafield ind1=" " ind2=" " tag="500"><subfield code="a">Masthead for Oct. 3, 1902 has title: Citizen-chronicle.</subfield></datafield><datafield ind1=" " ind2=" " tag="580"><subfield code="a">Formed by the union of: Citizen (Ansley, Neb.), and: the Ansley chronicle.</subfield></datafield><datafield ind1=" " ind2=" " tag="580"><subfield code="a">Merged with: Argosy (Ansley, Neb.), to form: Argosy and the chronicle-citizen.</subfield></datafield><datafield ind1=" " ind2=" " tag="533"><subfield code="a">Microfilm.</subfield><subfield code="b">Wooster, Ohio :</subfield><subfield code="c">Bell &amp; Howell.</subfield><subfield code="e">3 microfilm reels ; 35 mm.</subfield></datafield><datafield ind1=" " ind2="0" tag="651"><subfield code="a">Custer County (Neb.)</subfield><subfield code="v">Newspapers.</subfield></datafield><datafield ind1=" " ind2="7" tag="655"><subfield code="a">Newspapers.</subfield><subfield code="2">fast</subfield><subfield code="0">(OCoLC)fst01423814</subfield></datafield><datafield ind1=" " ind2="7" tag="651"><subfield code="a">Nebraska</subfield><subfield code="z">Custer County.</subfield><subfield code="2">fast</subfield><subfield code="0">(OCoLC)fst01221883</subfield></datafield><datafield ind1=" " ind2=" " tag="752"><subfield code="a">United States</subfield><subfield code="b">Nebraska</subfield><subfield code="c">Custer</subfield><subfield code="d">Ansley.</subfield></datafield><datafield ind1="1" ind2="4" tag="780"><subfield code="t">Citizen (Ansley, Neb.)</subfield><subfield code="w">(DLC)sn 94055449</subfield></datafield><datafield ind1="1" ind2="4" tag="780"><subfield code="t">Ansley chronicle</subfield><subfield code="w">(DLC)sn 94055448</subfield></datafield><datafield ind1="1" ind2="7" tag="785"><subfield code="t">Argosy (Ansley, Neb.)</subfield></datafield><datafield ind1="1" ind2="7" tag="785"><subfield code="t">Argosy and the chronicle-citizen</subfield><subfield code="w">(DLC)sn 94055451</subfield></datafield></record>